@ONLINE{wsdm,
	URL = "www.kaggle.com/c/fake-news-pair-classification-challenge/overview",
	AUTHOR = "{WSDM}",
	TITLE = "{WSDM} - Fake News Classification",
	YEAR = "2019",
}
@ONLINE{jieba,
	URL = "github.com/fxsjy/jieba",
	AUTHOR = "fxsjy",
	TITLE = "Jieba Github Repository",
	YEAR = "2018",
}
@ONLINE{nltk,
	URL = "www.nltk.org/api/nltk.tokenize.html",
	AUTHOR = "Steven Bird, Edward Loper, Ewan Klein",
	TITLE = "Natural Language Toolkit",
	YEAR = "2018",
}

@ONLINE{gensim,
	URL = "radimrehurek.com/gensim/models/word2vec.html",
	AUTHOR = "Radim Řehůřek",
	TITLE = "Gensim Model",
	YEAR = "2018",
}

@ONLINE{percTag,
	URL = "www.nltk.org/_modules/nltk/tag/perceptron.html",
	AUTHOR = "Steven Bird, Edward Loper, Ewan Klein",
	TITLE = "{NLTK - Perceptron Tagger}",
	YEAR = "2018",
}